@book{hanselman,
	author    = {Duane C. Hanselman},
	title     = {Brushless Permanent Magnet Motor Design},
	publisher = {Magna Physics Publishing},
	year      = 2006,
	edition   = 2,
	isbn      = {1-881855-15-5},
	address   = {3000 M Henkle Drive, Lebanon, Ohio 45036"
	}
	
@article{einstein,
  author =       "Albert Einstein",
  title =        "{Zur Elektrodynamik bewegter K{\"o}rper}. ({German})
                 [{On} the electrodynamics of moving bodies]",
  journal =      "Annalen der Physik",
  volume =       "322",
  number =       "10",
  pages =        "891--921",
  year =         "1905",
  DOI =          "http://dx.doi.org/10.1002/andp.19053221004"
}